% Archivo: references.bib
@article{Schaeffer2024,
  author  = {Schaeffer, Blake A. and Reynolds, Natalie and Ferriby, Hannah and Salls, Wilson and Smith, Deron and Johnston, John M. and Myer, Mark},
  title   = {Forecasting freshwater cyanobacterial harmful algal blooms for Sentinel-3 satellite resolved U.S. lakes and reservoirs},
  journal = {Journal of Environmental Management},
  volume  = {349},
  pages   = {119518},
  year    = {2024},
  issn    = {0301-4797},
  doi     = {10.1016/j.jenvman.2023.119518},
  url     = {https://doi.org/10.1016/j.jenvman.2023.119518}
}

@article{Oh2020,
  author  = {Oh, C. and Han, S. and Jeong, J.},
  title   = {Time-series data augmentation based on interpolation},
  journal = {Procedia Computer Science},
  volume  = {175},
  pages   = {64--71},
  year    = {2020}
}

@article{Powers2011,
  author  = {Powers, David M. W.},
  title   = {Evaluation: From Precision, Recall and F-Measure to ROC, Informedness, Markedness \& Correlation},
  journal = {Journal of Machine Learning Technologies},
  volume  = {2},
  number  = {1},
  pages   = {37--63},
  year    = {2011}
}

@book{WHO2021,
  author    = {{World Health Organization}},
  title     = {Toxic Cyanobacteria in Water: A Guide to Their Public Health Consequences, Monitoring and Management},
  edition   = {2},
  publisher = {World Health Organization},
  address   = {Geneva},
  year      = {2021},
  url       = {https://iris.who.int/bitstream/handle/10665/342625/9789240031302-eng.pdf}
}

@article{Igwaran2024,
  author    = {A. Igwaran and A. J. Kayode and K. M. Moloantoa and N. P. Magadla and A. A. Adelagun and S. A. Ojekunle and O. I. Popoola and O. S. Abiola},
  title     = {Cyanobacteria Harmful Algae Blooms: Causes, Impacts, and Risk Management},
  journal   = {Water, Air, \& Soil Pollution},
  year      = {2024},
  volume    = {235},
  pages     = {71},
  doi       = {10.1007/s11270-023-06782-y},
  url       = {https://doi.org/10.1007/s11270-023-06782-y}
}

@article{Rigosi2014,
  author    = {Anna Rigosi and Cayelan C. Carey and Bas W. Ibelings and Justin D. Brookes},
  title     = {The interaction between climate warming and eutrophication to promote cyanobacteria is dependent on trophic state and varies among taxa},
  journal   = {Limnology and Oceanography},
  year      = {2014},
  volume    = {59},
  number    = {1},
  pages     = {99--114},
  doi       = {10.4319/lo.2014.59.1.0099},
  url       = {https://aslopubs.onlinelibrary.wiley.com/doi/10.4319/lo.2014.59.1.0099},
}

@article{Backer2024,
  author    = {Lorraine C. Backer and Jean H. Landsberg},
  title     = {Epidemiologic and clinical features of cyanobacteria harmful algal bloom–associated illnesses, 2007–2022},
  journal   = {Environmental Health},
  year      = {2024},
  volume    = {23},
  number    = {1},
  pages     = {15},
  doi       = {10.1186/s12940-024-01121-y},
  url       = {https://doi.org/10.1186/s12940-024-01121-y}
}

@article{Stumpf2016,
  author  = {Richard P. Stumpf and Timothy W. Davis and Timothy T. Wynne and Jennifer L. Graham},
  title   = {Challenges for mapping cyanotoxin patterns from remote sensing of cyanobacteria},
  journal = {Harmful Algae},
  year    = {2016},
  volume  = {54},
  pages   = {160--173},
  doi     = {10.1016/j.hal.2016.01.005},
  url     = {https://doi.org/10.1016/j.hal.2016.01.005}
}

@article{Hunter2022,
  author  = {Peter D. Hunter and Kathryn M. Rudd and Andrew N. Tyler},
  title   = {Global approaches to recreational-water bloom alert frameworks: a critical review},
  journal = {Harmful Algae},
  year    = {2022},
  volume  = {118},
  pages   = {102238},
  doi     = {10.1016/j.hal.2022.102238},
  url     = {https://doi.org/10.1016/j.hal.2022.102238}
}

@misc{SciPyInterp1D,
  author       = {SciPy Community Developers},
  title        = {SciPy v1.11.1: 1-D interpolation (scipy.interpolate)},
  year         = {2023},
  howpublished = {\url{https://docs.scipy.org/doc/scipy/tutorial/interpolate/1D.html#tutorial-interpolate-1dsection}},
  note         = {Consultado el 4 de junio de 2025},
  url          = {https://docs.scipy.org/doc/scipy/tutorial/interpolate/1D.html#tutorial-interpolate-1dsection}
}

@inproceedings{khan2016_water_quality,
  author    = {Khan, Yafra and See, Chai Soo},
  title     = {Predicting and Analyzing Water Quality Using Machine Learning: A Comprehensive Model},
  booktitle = {Proceedings of the 2016 IEEE Long Island Systems, Applications and Technology Conference (LISAT)},
  address   = {Farmingdale, NY, USA},
  publisher = {IEEE},
  pages     = {1--6},
  year      = {2016},
  doi       = {10.1109/LISAT.2016.7494106}
}


@article{virtanen2020scipy,
  title={SciPy 1.0: Fundamental algorithms for scientific computing in Python},
  author={Virtanen, Pauli and Gommers, Ralf and Oliphant, Travis E and Haberland, Matt and Reddy, Tyler and Cournapeau, David and ... and van der Walt, St{\'e}fan J},
  journal={Nature Methods},
  volume={17},
  number={3},
  pages={261--272},
  year={2020},
  publisher={Nature Publishing Group},
  doi={10.1038/s41592-019-0686-2}
}

@misc{brownlee2018walkforward,
  author       = {Brownlee, Jason},
  title        = {How to Backtest Machine Learning Models for Time Series Forecasting},
  year         = {2018},
  url          = {https://machinelearningmastery.com/backtest-machine-learning-models-time-series-forecasting/},
  note         = {Consultado el 5 de junio de 2025}
}

@misc{datacamp2022forecasting,
  author       = {{DataCamp}},
  title        = {Time Series Forecasting Tutorial},
  year         = {2022},
  url          = {https://www.datacamp.com/tutorial/tutorial-time-series-forecasting},
  note         = {Recuperado el 5 de junio de 2025}
}

@article{RodriguezLopez2023,
  author    = {José M. Rodríguez-López and Ricardo Torres and Jorge Mardones and Raúl R. Cordero},
  title     = {Machine learning algorithms for the estimation of water quality parameters in Lake Llanquihue in southern Chile},
  journal   = {Water},
  year      = {2023},
  volume    = {15},
  number    = {11},
  pages     = {1994},
  doi       = {10.3390/w15111994},
  url       = {https://www.mdpi.com/2073-4441/15/11/1994}
}
